<record xmlns="http://www.loc.gov/MARC21/slim" xmlns:xsi="http://www.w3.org/2001/XMLSchema-instance" xsi:schemaLocation="http://www.loc.gov/MARC21/slim http://www.loc.gov/standards/marcxml/schema/MARC21slim.xsd"><leader>01655nam a2200349   4500</leader><controlfield tag="001">001592480</controlfield><controlfield tag="003">NNU</controlfield><controlfield tag="006">m        d        </controlfield><controlfield tag="007">cr cn |||m|||a</controlfield><controlfield tag="008">140707s1912    ua      o     000 0 ara d</controlfield><datafield ind1=" " ind2=" " tag="040"><subfield code="a">NNU</subfield><subfield code="b">eng</subfield><subfield code="c">NNU</subfield></datafield><datafield ind1=" " ind2="4" tag="050"><subfield code="a">PJ6161</subfield><subfield code="b">.A186 1912</subfield></datafield><datafield ind1=" " ind2=" " tag="066"><subfield code="c">(3</subfield></datafield><datafield ind1=" " ind2=" " tag="090"><subfield code="a">PJ6161</subfield><subfield code="b">.A186 1912</subfield></datafield><datafield ind1="1" ind2=" " tag="100"><subfield code="6">880-01</subfield><subfield code="a">&#699;Abd al-R&#257;ziq, &#699;Al&#299;,</subfield><subfield code="d">1888-1966</subfield></datafield><datafield ind1="1" ind2="0" tag="245"><subfield code="6">880-02</subfield><subfield code="a">Am&#257;l&#299; f&#299; &#699;ilm al-bay&#257;n wa-t&#257;r&#299;khih</subfield><subfield code="h">[electronic resource] /</subfield><subfield code="c">&#699;Al&#299; &#699;Abd al-R&#257;ziq.</subfield></datafield><datafield ind1="3" ind2="0" tag="246"><subfield code="6">880-03</subfield><subfield code="a">Am&#257;l&#299; &#699;Al&#299; &#699;Abd al-R&#257;ziq ... f&#299; &#699;ilm al-bay&#257;n wa-t&#257;r&#299;khih</subfield></datafield><datafield ind1=" " ind2=" " tag="260"><subfield code="6">880-04</subfield><subfield code="a">Mi&#7779;r :</subfield><subfield code="b">Ma&#7789;ba&#699;at Miqd&#257;d,</subfield><subfield code="c">1330 [1912]</subfield></datafield><datafield ind1=" " ind2=" " tag="300"><subfield code="a">online resource (122, [2], 4 p.)</subfield></datafield><datafield ind1=" " ind2=" " tag="500"><subfield code="a">Part of the Arabic Collections Online (ACO) project, contributed by New York Univeristy Libraries.</subfield></datafield><datafield ind1=" " ind2=" " tag="533"><subfield code="a">Electronic reproduction.</subfield><subfield code="b">New York, N.Y. :</subfield><subfield code="c">New York University,</subfield><subfield code="d">2014.</subfield><subfield code="5">NNU</subfield></datafield><datafield ind1=" " ind2="0" tag="650"><subfield code="a">Arabic language</subfield><subfield code="x">Rhetoric.</subfield></datafield><datafield ind1=" " ind2="0" tag="650"><subfield code="a">Arabic language</subfield><subfield code="x">Rhetoric</subfield><subfield code="x">History.</subfield></datafield><datafield ind1="2" ind2=" " tag="710"><subfield code="a">New York University.</subfield><subfield code="b">Libraries.</subfield></datafield><datafield ind1="0" ind2=" " tag="730"><subfield code="a">Arabic Collections Online.</subfield></datafield><datafield ind1="0" ind2="8" tag="776"><subfield code="i">Print version:</subfield><subfield code="a">&#699;Abd al-R&#257;ziq, &#699;Al&#299;, 1888-1966 880-01</subfield><subfield code="t">Am&#257;l&#299; f&#299; &#699;ilm al-bay&#257;n wa-t&#257;r&#299;khih</subfield><subfield code="w">(NNU)001592480</subfield></datafield><datafield ind1="4" ind2="0" tag="856"><subfield code="u">http://hdl.handle.net/2333.1/qjq2bxjf</subfield></datafield><datafield ind1="1" ind2=" " tag="880"><subfield code="6">100-01/</subfield><subfield code="a">&#1593;&#1576;&#1583; &#1575;&#1604;&#1585;&#1575;&#1586;&#1602;&#1548; &#1593;&#1604;&#1610;.</subfield></datafield><datafield ind1="1" ind2="0" tag="880"><subfield code="6">245-02/</subfield><subfield code="a">&#1571;&#1605;&#1575;&#1604;&#1610; &#1601;&#1610; &#1593;&#1604;&#1605; &#1575;&#1604;&#1576;&#1610;&#1575;&#1606; &#1608;&#1578;&#1575;&#1585;&#1610;&#1582;&#1607; /</subfield><subfield code="c">&#1593;&#1604;&#1610; &#1593;&#1576;&#1583; &#1575;&#1604;&#1585;&#1575;&#1586;&#1602;.</subfield></datafield><datafield ind1="3" ind2="0" tag="880"><subfield code="6">246-03/</subfield><subfield code="a">&#1571;&#1605;&#1575;&#1604;&#1610; &#1593;&#1604;&#1610; &#1593;&#1576;&#1583; &#1575;&#1604;&#1585;&#1575;&#1586;&#1602; &#1601;&#1610; &#1593;&#1604;&#1605; &#1575;&#1604;&#1576;&#1610;&#1575;&#1606; &#1608;&#1578;&#1575;&#1585;&#1610;&#1582;&#1607;</subfield></datafield><datafield ind1=" " ind2=" " tag="880"><subfield code="6">260-04/</subfield><subfield code="a">&#1605;&#1589;&#1585; :</subfield><subfield code="b">&#1605;&#1591;&#1576;&#1593;&#1577; &#1605;&#1602;&#1583;&#1575;&#1583;&#1548;</subfield><subfield code="c">&#1633;&#1635;&#1635;&#1632;.</subfield></datafield><datafield ind1=" " ind2=" " tag="959"><subfield code="a">NNU</subfield><subfield code="b">WEB</subfield><subfield code="c">GENI</subfield><subfield code="t">0</subfield><subfield code="m">Electronic access</subfield><subfield code="s">01</subfield></datafield></record>